<?xml version="1.0" encoding="UTF-8"?><collection xmlns="http://www.loc.gov/MARC21/slim"><record><leader>00402nam--2200121-i-4500</leader><controlfield tag="001">000027741</controlfield><controlfield tag="002">20161230</controlfield><controlfield tag="005">20161230201036</controlfield><controlfield tag="008">060222s1000------------r-----000-0-eng-d</controlfield><datafield ind1=" " ind2=" " tag="100"><subfield code="a">Kritikova, G.V., Solodovnikov, V.V., Topcheev, Yu.I</subfield></datafield><datafield ind1=" " ind2=" " tag="245"><subfield code="a">Procedure for obtaining transient response from frequency respo9nse with tables and monographs</subfield></datafield><datafield ind1=" " ind2=" " tag="260"><subfield code="a">London, Infosearch Lim., 1958, 193p</subfield></datafield><datafield ind1=" " ind2=" " tag="852"><subfield code="a">15099</subfield></datafield></record></collection>